

@article{Yuan2007,
author = {Yuan, Ming and Lin, Yi}, 
title = {Model selection and estimation in the {G}aussian graphical model},
volume = {94}, 
number = {1}, 
pages = {19-35}, 
year = {2007}, 
journal = {Biometrika} 
}

@article{meinshausen2006,
author = "Meinshausen, Nicolai and Buhlmann, Peter",
fjournal = "The Annals of Statistics",
journal = "Ann. Statist.",
month = "06",
number = "3",
pages = "1436--1462",
publisher = "The Institute of Mathematical Statistics",
title = "High-dimensional graphs and variable selection with the Lasso",
volume = "34",
year = "2006"
}

@article{Banerjee2008,
 author = {Banerjee, Onureena and El Ghaoui, Laurent and d'Aspremont, Alexandre},
 title = {Model Selection Through Sparse Maximum Likelihood Estimation for Multivariate {G}aussian or Binary Data},
 journal = {J. Mach. Learn. Res.},
 issue_date = {6/1/2008},
 volume = {9},
 month = jun,
 year = {2008},
 issn = {1532-4435},
 pages = {485--516},
 publisher = {JMLR.org},
} 

@article{Friedman2008,
author = {Friedman, Jerome and Hastie, Trevor and Tibshirani, Robert}, 
title = {Sparse inverse covariance estimation with the graphical lasso},
volume = {9}, 
number = {3}, 
pages = {432-441}, 
year = {2008}, 
journal = {Biostatistics} 
}

@article{Boyd2011,
 author = {Boyd, Stephen and Parikh, Neal and Chu, Eric and Peleato, Borja and Eckstein, Jonathan},
 title = {Distributed Optimization and Statistical Learning via the Alternating Direction Method of Multipliers},
 journal = {Found. Trends Mach. Learn.},
 issue_date = {January 2011},
 volume = {3},
 number = {1},
 month = jan,
 year = {2011},
 issn = {1935-8237},
 pages = {1--122},
 publisher = {Now Publishers Inc.},
 address = {Hanover, MA, USA},
} 

@article{Schaefer2005,
    author = {Schafer, Juliane and Strimmer, Korbinian},
    journal = {Statistical Applications in Genetics and Molecular Biology, The Berkeley Electronic Press},
    number = {1},
    title = {{A Shrinkage Approach to Large-Scale Covariance Matrix Estimation and Implications for Functional Genomics}},
    volume = {4},
    year = {2005}
}

@article{ravikumar2011,
author = "Ravikumar, Pradeep and Wainwright, Martin J. and Raskutti, Garvesh and Yu, Bin",
fjournal = "Electronic Journal of Statistics",
journal = "Electron. J. Statist.",
pages = "935--980",
publisher = "The Institute of Mathematical Statistics and the Bernoulli Society",
title = "High-dimensional covariance estimation by minimizing {l1}-penalized log-determinant divergence",
volume = "5",
year = "2011"
}

@incollection{liu11c,
   title = {Learning scale free networks by reweighted {$l_1$} regularization},
   author = {Qiang Liu and Alexander Ihler},
   booktitle = {AI \& Statistics},
   month=apr,
   year =2011,
	 pages = {40--48},
   publisher = {JMLR: W\&CP 15},
   address = {Ft. Lauderdale, FL, USA}
}

@ARTICLE{Yuan06,
    author = {Ming Yuan and Yi Lin},
    title = {Model selection and estimation in regression with grouped variables},
    journal = {Journal of the Royal Statistical Society, Series B},
    year = {2006},
    volume = {68},
    pages = {49--67}
}

@ARTICLE{Tibshirani05sparsityand,
    author = {Robert Tibshirani and Michael Saunders and Saharon Rosset and Ji Zhu and Keith Knight},
    title = {Sparsity and smoothness via the fused lasso},
    journal = {Journal of the Royal Statistical Society Series B},
    year = {2005},
    pages = {91--108}
}

@MISC{Kim09trend,
    author = {Seung-Jean Kim and Kwangmoo Koh and Stephen Boyd and Dimitry Gorinevsky},
    title = {l1 Trend Filtering },
    year = {2009}
}

@article{sheridan2010,
    author = {Sheridan, Paul AND Kamimura, Takeshi AND Shimodaira, Hidetoshi},
    journal = {PLoS ONE},
    publisher = {Public Library of Science},
    title = {A Scale-Free Structure Prior for Graphical Models with Applications in Functional Genomics},
    year = {2010},
    month = {11},
    volume = {5},
    pages = {1-12},
    number = {11},
}

@article{bogdan2013statistical,
  title={Statistical estimation and testing via the sorted L1 norm},
  author={Bogdan, Malgorzata and Berg, Ewout van den and Su, Weijie and Candes, Emmanuel},
  journal={arXiv preprint arXiv:1310.1969},
  year={2013}
}

@incollection{bach2010,
title = {Structured sparsity-inducing norms through submodular functions},
author = {Francis R. Bach},
booktitle = {Advances in Neural Information Processing Systems 23},
editor = {J. D. Lafferty and C. K. I. Williams and J. Shawe-Taylor and R. S. Zemel and A. Culotta},
pages = {118--126},
year = {2010},
publisher = {Curran Associates, Inc.},
}


@article{dempster,
 author = {A. P. Dempster},
 journal = {Biometrics},
 number = {1},
 pages = {157-175},
 publisher = {[Wiley, International Biometric Society]},
 title = {Covariance Selection},
 volume = {28},
 year = {1972}
}



@article{admm,
 author = {Boyd, Stephen and Parikh, Neal and Chu, Eric and Peleato, Borja and Eckstein, Jonathan},
 title = {Distributed Optimization and Statistical Learning via the Alternating Direction Method of Multipliers},
 journal = {Found. Trends Mach. Learn.},
 issue_date = {January 2011},
 volume = {3},
 number = {1},
 month = jan,
 year = {2011},
 issn = {1935-8237},
 pages = {1--122},
 numpages = {122},
 publisher = {Now Publishers Inc.},
 address = {Hanover, MA, USA},
} 

@book{fujishige2005submodular,
  title={Submodular Functions and Optimization},
  author={Fujishige, S.},
  isbn={9780080461625},
  series={Annals of Discrete Mathematics},
  year={2005},
  publisher={Elsevier Science}
}

@Inbook{Lovasz1983,
author="Lov{\'a}sz, L.",
editor="Bachem, Achim
and Korte, Bernhard
and Gr{\"o}tschel, Martin",
chapter="Submodular functions and convexity",
title="Mathematical Programming The State of the Art: Bonn 1982",
year="1983",
publisher="Springer Berlin Heidelberg",
address="Berlin, Heidelberg",
pages="235--257",
isbn="978-3-642-68874-4",
}

@book{boydcvx,
 author = {Boyd, Stephen and Vandenberghe, Lieven},
 title = {Convex Optimization},
 year = {2004},
 isbn = {0521833787},
 publisher = {Cambridge University Press},
 address = {New York, NY, USA},
} 

@article{bogdan2015slope,
  title={SLOPEâ€”adaptive variable selection via convex optimization},
  author={Bogdan, Ma{\l}gorzata and van den Berg, Ewout and Sabatti, Chiara and Su, Weijie and Cand{\`e}s, Emmanuel J},
  journal={The annals of applied statistics},
  volume={9},
  number={3},
  pages={1103},
  year={2015},
  publisher={NIH Public Access}
}

@incollection{defazio2012,
title = {A Convex Formulation for Learning Scale-Free Networks via Submodular Relaxation},
author = {Defazio, Aaron and Tib\'{e}rio S. Caetano},
booktitle = {Advances in Neural Information Processing Systems 25},
editor = {F. Pereira and C. J. C. Burges and L. Bottou and K. Q. Weinberger},
pages = {1250--1258},
year = {2012},
publisher = {Curran Associates, Inc.},
}

@article{li2005,
author = "Li, Lun and Alderson, David and Doyle, John C. and Willinger, Walter",
fjournal = "Internet Mathematics",
journal = "Internet Math.",
number = "4",
pages = "431--523",
publisher = "A K Peters, Ltd.",
title = "Towards a Theory of Scale-Free Graphs: Definition, Properties, and Implications",
volume = "2",
year = "2005"
}

@article {Barabasi99,
	author = {Barab{\'a}si, Albert-L{\'a}szl{\'o} and Albert, R{\'e}ka},
	title = {Emergence of Scaling in Random Networks},
	volume = {286},
	number = {5439},
	pages = {509--512},
	year = {1999},
	publisher = {American Association for the Advancement of Science},
	issn = {0036-8075},
	journal = {Science}
}

@article{han2004evidence,
  title={Evidence for dynamically organized modularity in the yeast protein--protein interaction network},
  author={Han, Jing-Dong J and Bertin, Nicolas and Hao, Tong and Goldberg, Debra S and Berriz, Gabriel F and Zhang, Lan V and Dupuy, Denis and Walhout, Albertha JM and Cusick, Michael E and Roth, Frederick P and others},
  journal={Nature},
  volume={430},
  number={6995},
  pages={88--93},
  year={2004},
  publisher={Nature Publishing Group}
}

@article{barabasi2004network,
  title={Network biology: understanding the cell's functional organization},
  author={Barabasi, Albert-Laszlo and Oltvai, Zoltan N},
  journal={Nature reviews genetics},
  volume={5},
  number={2},
  pages={101--113},
  year={2004},
  publisher={Nature Publishing Group}
}

@article{de1965networks,
  title={Networks of scientific papers},
  author={de Solla Price, Derek J},
  journal={Science},
  volume={149},
  number={3683},
  pages={510--515},
  year={1965},
  publisher={American Association for the Advancement of Science}
}

@article{snijders2002markov,
  title={Markov chain Monte Carlo estimation of exponential random graph models},
  author={Snijders, Tom AB},
  journal={Journal of Social Structure},
  volume={3},
  number={2},
  pages={1--40},
  year={2002}
}

@article{gds,
author = {Edgar, Ron and Domrachev, Michael and Lash, Alex E. }, 
title = {Gene Expression Omnibus: NCBI gene expression and hybridization array data repository},
volume = {30}, 
number = {1}, 
pages = {207-210}, 
year = {2002}, 
journal = {Nucleic Acids Research} 
}

@article{ganter05,
  title={Development of a large-scale chemogenomics database to improve drug candidate selection and to understand mechanisms of chemical toxicity and action},
  author={Ganter, Brigitte and Tugendreich, Stuart and Pearson, Cecelia I and Ayanoglu, Eser and Baumhueter, Susanne and Bostian, Keith A and Brady, Lindsay and Browne, Leslie J and Calvin, John T and Day, Gwo-Jen and others},
  journal={Journal of biotechnology},
  volume={119},
  number={3},
  pages={219--244},
  year={2005},
  publisher={Elsevier}
}

 @article{geoquery,
    author = {Sean Davis and Paul Meltzer},
    title = {GEOquery: a bridge between the Gene Expression Omnibus (GEO) and BioConductor},
    journal = {Bioinformatics},
    year = {2007},
    volume = {14},
    pages = {1846--1847},
  }